% Short conference names
@string{aaai = "{AAAI}"}
@string{icra = "{ICRA}"}
@string{rss = "{RSS}"}
@string{iros = "{IROS}"}
@string{isrr = "{ISRR}"}
@string{icaps = "{ICAPS}"}
@string{wafr = "{WAFR}"}
@string{iser = "{ISER}"}
% Short journal names
@string{ijrr = "{IJRR}"}
@string{tra = "{TRA}"}
@string{ral = "{RAL}"}

% START OF BIB ENTRIES 
@inproceedings{ISL19,
  author    = {Fahad Islam and
               Oren Salzman and
               Maxim Likhachev},
  title     = {\href{https://aaai.org/ojs/index.php/ICAPS/article/view/3540}{Provable Indefinite-Horizon Real-Time Planning for Repetitive Tasks}},
  booktitle = icaps,
  pages     = {716--724},
  year      = {2019}
}

@inproceedings{menon2014motion,
  title={\href{https://ieeexplore.ieee.org/document/6906895}{Motion planning for smooth pickup of moving objects}},
  author={Menon, Arjun and Cohen, Benjamin and Likhachev, Maxim},
  booktitle=icra,
  pages={453--460},
  year={2014},
  organization={IEEE}
}

@inproceedings{cowley2013perception,
  title={\href{https://ieeexplore.ieee.org/abstract/document/6696445}{Perception and motion planning for pick-and-place of dynamic objects}},
  author={Cowley, Anthony and Cohen, Benjamin and Marshall, William and Taylor, Camillo J and Likhachev, Maxim},
  booktitle=iros,
  pages={816--823},
  year={2013},
  organization={IEEE}
}

@inproceedings{PCCL12,
  author    = {Michael Phillips and
               Benjamin J. Cohen and
               Sachin Chitta and
               Maxim Likhachev},
  title     = {\href{http://www.roboticsproceedings.org/rss08/p43.html}{{E}-{G}raphs: Bootstrapping Planning with Experience Graphs}},
  booktitle = rss,
  year      = {2012}
}